@Book{data_mining,
  author    = {Барсегян А.А. и др.},
  publisher = {СПб.: БХВ-Петербург},
  title     = {Технологии анализа данных: Data Mining, Visual Mining, TextMining, OLAP},
  year      = {2008},
}

@Book{ling-gen,
  author    = {Касевич В.Б.},
  publisher = {издательство «НАУКА»},
  title     = {Элементы общей лингвистики.},
  year      = {1977},
}

@Article{mining,
  author  = {Liu B., Zhang L.},
  journal = {Mining Text Data. Springer},
  title   = {A survey of opinion mining and sentiment analysis},
  year    = {2012},
}

@Article{ml-uns,
  author  = {Turney P.},
  journal = {Proceedings of ACL-02},
  title   = {humbs up or thumbs down? Semanticorientation applied to unsupervised classification ofreviews},
  year    = {2002},
}

@Article{mpqa,
  author  = {Lingjia Deng, Janyce Wiebe},
  journal = {HLT-NAACL},
  title   = {MPQA 3.0: An Entity/Event-Level Sentiment Corpus},
  year    = {2015},
}

@Article{negation,
  author  = {Philip S. Yu, Bing Liu},
  journal = {Proceedings of the International Conference on Web Search and Web Data Mining},
  title   = {A holistic lexicon-based approach to opinion mining},
  year    = {2008},
}

@Article{mark,
  author  = {Ермаков А.Е., Киселев С.Л.},
  journal = {Компьютерная лингвистика и интеллектуальные технологии: труды Международной конференции Диалог.},
  title   = {Лингвистическая модель для компьютер-ного анализа тональности публикаций СМИ},
  year    = {2005},
}

@Article{prepr,
  author  = {Котельников Е. В., Клековкина М. В.},
  journal = {Компьютерная лингвистика и интеллектуальные технологии: труды Международной конференции Диалог.},
  title   = {Автоматический анализ тональности текстов на основе методов машинного обучения},
  year    = {2011},
}

@Online{mystem,
  addendum = {(Дата обр.: 19.01.2022)},
  title    = {MyStem},
  url      = {https://yandex.ru/dev/mystem/},
}

@Article{bw1,
  author  = {Мызников П, В.},
  journal = {Вестник Новосибирского государственного университета. Серия: Информационные технологии},
  title   = {Моделирование рассуждений на основе прецедентов в автоматическом анализе новостных текстов},
  year    = {2017},
}

@Article{bw2,
  author  = {Asaf Amrami, Yoav Goldberg},
  journal = {ArXiv},
  title   = {Towards better substitution-based word sense induction},
  year    = {2019},
}

@Article{delta,
  author  = {ustin Martineau, Tim Finin},
  journal = {In Proceedings of the Third AAAI Internatonal Conference on Weblogs and Social Media},
  title   = {Delta TFIDF: An Improved Feature Space for Sentiment Analysis},
  year    = {2009},
}

@Article{tf,
  author  = {Manning C. D., Raghavan P., Schutze H.},
  journal = {Cambridge: Cambridge University Press},
  title   = {Introduction to information retrieval},
  year    = {2008},
}

@Article{rework,
  author  = {Pan S.J., Ni, X.},
  journal = {Proceedings of the 19thinternational conference on World wide web.},
  title   = {Cross-domain sentiment classification via spectral feature alignment},
  year    = {2010},
}

@Article{auto,
  author  = {Hatzivassiloglou V., McKeown K. R.},
  journal = {Proceedings of the eighth conference on European chapterof the Association for Computational Linguistics.},
  title   = {Predicting the semantic orientationof adjectives},
  year    = {1997},
}

@Article{modf,
  author  = {Taboada M. Brooke, J., Tofiloski},
  journal = {Computational linguistics},
  title   = {Lexicon-basedmethods for sentiment analysis},
  year    = {2011},
}

@Article{8pattrns,
  author  = {Alena Neviarouskaya, Helmut Prendinger, Mitsuru Ishizuka},
  journal = {Proceedings of the 23rd International Conference on Computational Linguistics},
  title   = {Recognition of Affect, Judgment, and Appreciation in Text},
  year    = {2010},
}

@Comment{jabref-meta: databaseType:bibtex;}
